<record><leader>00000cas a22000007a 4500</leader><controlfield tag="001">14918672</controlfield><controlfield tag="008">861203d192819uutxudn ne      0    0eng d</controlfield><datafield ind1=" " ind2=" " tag="010"><subfield code="a">sn 86090310 </subfield></datafield><datafield ind1=" " ind2=" " tag="040"><subfield code="a">PPM</subfield><subfield code="b">eng</subfield><subfield code="c">PPM</subfield><subfield code="d">UBY</subfield><subfield code="d">OCLCQ</subfield><subfield code="d">OCLCF</subfield><subfield code="d">OCLCO</subfield></datafield><datafield ind1=" " ind2=" " tag="042"><subfield code="a">msc</subfield></datafield><datafield ind1=" " ind2=" " tag="043"><subfield code="a">n-us-tx</subfield></datafield><datafield ind1="0" ind2="0" tag="245"><subfield code="a">San Angelo evening standard.</subfield></datafield><datafield ind1=" " ind2=" " tag="260"><subfield code="a">San Angelo, Tex. :</subfield><subfield code="b">Houston Harte</subfield></datafield><datafield ind1=" " ind2=" " tag="300"><subfield code="a">v.</subfield></datafield><datafield ind1=" " ind2=" " tag="310"><subfield code="a">Daily (except Sat. and Sun.)</subfield></datafield><datafield ind1="1" ind2=" " tag="362"><subfield code="a">Began in 1928.</subfield></datafield><datafield ind1=" " ind2=" " tag="588"><subfield code="a">Description based on: Vol. 23, no. 264 (Mar. 6, 1928).</subfield></datafield><datafield ind1=" " ind2="0" tag="651"><subfield code="a">San Angelo (Tex.)</subfield><subfield code="v">Newspapers.</subfield></datafield><datafield ind1=" " ind2="7" tag="655"><subfield code="a">Newspapers.</subfield><subfield code="2">fast</subfield><subfield code="0">(OCoLC)fst01423814</subfield></datafield><datafield ind1=" " ind2="7" tag="651"><subfield code="a">Texas</subfield><subfield code="z">San Angelo.</subfield><subfield code="2">fast</subfield><subfield code="0">(OCoLC)fst01212407</subfield></datafield><datafield ind1=" " ind2=" " tag="752"><subfield code="a">United States</subfield><subfield code="b">Texas</subfield><subfield code="c">Tom Green</subfield><subfield code="d">San Angelo.</subfield></datafield><datafield ind1="0" ind2=" " tag="775"><subfield code="t">San Angelo morning times</subfield><subfield code="w">(DLC)sn 86090438</subfield></datafield><datafield ind1="0" ind2=" " tag="775"><subfield code="t">San Angelo standard-times</subfield><subfield code="w">(DLC)sn9200066412</subfield></datafield><datafield ind1="0" ind2="0" tag="780"><subfield code="t">San Angelo daily standard</subfield><subfield code="w">(DLC)sn 86090550</subfield></datafield><datafield ind1="0" ind2="5" tag="785"><subfield code="t">San Angelo standard-times</subfield><subfield code="w">(DLC)sn9200066412</subfield></datafield></record>